%YAML 1.1
%TAG !u! tag:unity3d.com,2011:
--- !u!1 &2468249206268379513
GameObject:
  m_ObjectHideFlags: 0
  m_CorrespondingSourceObject: {fileID: 0}
  m_PrefabInstance: {fileID: 0}
  m_PrefabAsset: {fileID: 0}
  serializedVersion: 6
  m_Component:
  - component: {fileID: 2006345589868267950}
  - component: {fileID: 3565994138223883289}
  - component: {fileID: 5999683972072194935}
  m_Layer: 5
  m_Name: Panel
  m_TagString: Untagged
  m_Icon: {fileID: 0}
  m_NavMeshLayer: 0
  m_StaticEditorFlags: 0
  m_IsActive: 1
--- !u!224 &2006345589868267950
RectTransform:
  m_ObjectHideFlags: 0
  m_CorrespondingSourceObject: {fileID: 0}
  m_PrefabInstance: {fileID: 0}
  m_PrefabAsset: {fileID: 0}
  m_GameObject: {fileID: 2468249206268379513}
  m_LocalRotation: {x: 0, y: 0, z: 0, w: 1}
  m_LocalPosition: {x: 0, y: 0, z: 0}
  m_LocalScale: {x: 1, y: 1, z: 1}
  m_Children:
  - {fileID: 991423325129805695}
  - {fileID: 7165966057289931740}
  - {fileID: 6305616560449290265}
  - {fileID: 8799180298104250199}
  - {fileID: 6103438555915215682}
  - {fileID: 8203430576986909598}
  m_Father: {fileID: 3187282166244442581}
  m_RootOrder: 6
  m_LocalEulerAnglesHint: {x: 0, y: 0, z: 0}
  m_AnchorMin: {x: 0.5, y: 0}
  m_AnchorMax: {x: 0.5, y: 0}
  m_AnchoredPosition: {x: 0, y: 10}
  m_SizeDelta: {x: 850, y: 80}
  m_Pivot: {x: 0.5, y: 0}
--- !u!222 &3565994138223883289
CanvasRenderer:
  m_ObjectHideFlags: 0
  m_CorrespondingSourceObject: {fileID: 0}
  m_PrefabInstance: {fileID: 0}
  m_PrefabAsset: {fileID: 0}
  m_GameObject: {fileID: 2468249206268379513}
  m_CullTransparentMesh: 0
--- !u!114 &5999683972072194935
MonoBehaviour:
  m_ObjectHideFlags: 0
  m_CorrespondingSourceObject: {fileID: 0}
  m_PrefabInstance: {fileID: 0}
  m_PrefabAsset: {fileID: 0}
  m_GameObject: {fileID: 2468249206268379513}
  m_Enabled: 1
  m_EditorHideFlags: 0
  m_Script: {fileID: 11500000, guid: fe87c0e1cc204ed48ad3b37840f39efc, type: 3}
  m_Name: 
  m_EditorClassIdentifier: 
  m_Material: {fileID: 0}
  m_Color: {r: 0.20754719, g: 0.20754719, b: 0.20754719, a: 0}
  m_RaycastTarget: 1
  m_Maskable: 1
  m_OnCullStateChanged:
    m_PersistentCalls:
      m_Calls: []
  m_Sprite: {fileID: 10907, guid: 0000000000000000f000000000000000, type: 0}
  m_Type: 1
  m_PreserveAspect: 0
  m_FillCenter: 1
  m_FillMethod: 4
  m_FillAmount: 1
  m_FillClockwise: 1
  m_FillOrigin: 0
  m_UseSpriteMesh: 0
  m_PixelsPerUnitMultiplier: 1
--- !u!1 &2700079437866393924
GameObject:
  m_ObjectHideFlags: 0
  m_CorrespondingSourceObject: {fileID: 0}
  m_PrefabInstance: {fileID: 0}
  m_PrefabAsset: {fileID: 0}
  serializedVersion: 6
  m_Component:
  - component: {fileID: 991423325129805695}
  - component: {fileID: 981967310803574816}
  - component: {fileID: 1824589947031770945}
  m_Layer: 5
  m_Name: Use Button
  m_TagString: Untagged
  m_Icon: {fileID: 0}
  m_NavMeshLayer: 0
  m_StaticEditorFlags: 0
  m_IsActive: 1
--- !u!224 &991423325129805695
RectTransform:
  m_ObjectHideFlags: 0
  m_CorrespondingSourceObject: {fileID: 0}
  m_PrefabInstance: {fileID: 0}
  m_PrefabAsset: {fileID: 0}
  m_GameObject: {fileID: 2700079437866393924}
  m_LocalRotation: {x: -0, y: -0, z: -0, w: 1}
  m_LocalPosition: {x: 0, y: 0, z: 0}
  m_LocalScale: {x: 1, y: 1, z: 1}
  m_Children: []
  m_Father: {fileID: 2006345589868267950}
  m_RootOrder: 0
  m_LocalEulerAnglesHint: {x: 0, y: 0, z: 0}
  m_AnchorMin: {x: 0.5, y: 0.5}
  m_AnchorMax: {x: 0.5, y: 0.5}
  m_AnchoredPosition: {x: -360, y: 0}
  m_SizeDelta: {x: 50, y: 50}
  m_Pivot: {x: 0.5, y: 0.5}
--- !u!222 &981967310803574816
CanvasRenderer:
  m_ObjectHideFlags: 0
  m_CorrespondingSourceObject: {fileID: 0}
  m_PrefabInstance: {fileID: 0}
  m_PrefabAsset: {fileID: 0}
  m_GameObject: {fileID: 2700079437866393924}
  m_CullTransparentMesh: 0
--- !u!114 &1824589947031770945
MonoBehaviour:
  m_ObjectHideFlags: 0
  m_CorrespondingSourceObject: {fileID: 0}
  m_PrefabInstance: {fileID: 0}
  m_PrefabAsset: {fileID: 0}
  m_GameObject: {fileID: 2700079437866393924}
  m_Enabled: 1
  m_EditorHideFlags: 0
  m_Script: {fileID: 11500000, guid: fe87c0e1cc204ed48ad3b37840f39efc, type: 3}
  m_Name: 
  m_EditorClassIdentifier: 
  m_Material: {fileID: 0}
  m_Color: {r: 1, g: 1, b: 1, a: 1}
  m_RaycastTarget: 1
  m_Maskable: 1
  m_OnCullStateChanged:
    m_PersistentCalls:
      m_Calls: []
  m_Sprite: {fileID: 21300000, guid: 1106f47e12065d343a7ebb3b0c4283a5, type: 3}
  m_Type: 0
  m_PreserveAspect: 0
  m_FillCenter: 1
  m_FillMethod: 4
  m_FillAmount: 1
  m_FillClockwise: 1
  m_FillOrigin: 0
  m_UseSpriteMesh: 0
  m_PixelsPerUnitMultiplier: 1
--- !u!1 &3149534001362231463
GameObject:
  m_ObjectHideFlags: 0
  m_CorrespondingSourceObject: {fileID: 0}
  m_PrefabInstance: {fileID: 0}
  m_PrefabAsset: {fileID: 0}
  serializedVersion: 6
  m_Component:
  - component: {fileID: 6103438555915215682}
  - component: {fileID: 8766818035115297223}
  - component: {fileID: 2582939784946852038}
  m_Layer: 5
  m_Name: Drop Button
  m_TagString: Untagged
  m_Icon: {fileID: 0}
  m_NavMeshLayer: 0
  m_StaticEditorFlags: 0
  m_IsActive: 1
--- !u!224 &6103438555915215682
RectTransform:
  m_ObjectHideFlags: 0
  m_CorrespondingSourceObject: {fileID: 0}
  m_PrefabInstance: {fileID: 0}
  m_PrefabAsset: {fileID: 0}
  m_GameObject: {fileID: 3149534001362231463}
  m_LocalRotation: {x: -0, y: -0, z: -0, w: 1}
  m_LocalPosition: {x: 0, y: 0, z: 0}
  m_LocalScale: {x: 1, y: 1, z: 1}
  m_Children: []
  m_Father: {fileID: 2006345589868267950}
  m_RootOrder: 4
  m_LocalEulerAnglesHint: {x: 0, y: 0, z: 0}
  m_AnchorMin: {x: 0.5, y: 0.5}
  m_AnchorMax: {x: 0.5, y: 0.5}
  m_AnchoredPosition: {x: 0, y: 0}
  m_SizeDelta: {x: 50, y: 50}
  m_Pivot: {x: 0.5, y: 0.5}
--- !u!222 &8766818035115297223
CanvasRenderer:
  m_ObjectHideFlags: 0
  m_CorrespondingSourceObject: {fileID: 0}
  m_PrefabInstance: {fileID: 0}
  m_PrefabAsset: {fileID: 0}
  m_GameObject: {fileID: 3149534001362231463}
  m_CullTransparentMesh: 0
--- !u!114 &2582939784946852038
MonoBehaviour:
  m_ObjectHideFlags: 0
  m_CorrespondingSourceObject: {fileID: 0}
  m_PrefabInstance: {fileID: 0}
  m_PrefabAsset: {fileID: 0}
  m_GameObject: {fileID: 3149534001362231463}
  m_Enabled: 1
  m_EditorHideFlags: 0
  m_Script: {fileID: 11500000, guid: fe87c0e1cc204ed48ad3b37840f39efc, type: 3}
  m_Name: 
  m_EditorClassIdentifier: 
  m_Material: {fileID: 0}
  m_Color: {r: 1, g: 1, b: 1, a: 1}
  m_RaycastTarget: 1
  m_Maskable: 1
  m_OnCullStateChanged:
    m_PersistentCalls:
      m_Calls: []
  m_Sprite: {fileID: 21300000, guid: 3922c9e9d1eb22a40826b255b1dc1bd5, type: 3}
  m_Type: 0
  m_PreserveAspect: 0
  m_FillCenter: 1
  m_FillMethod: 4
  m_FillAmount: 1
  m_FillClockwise: 1
  m_FillOrigin: 0
  m_UseSpriteMesh: 0
  m_PixelsPerUnitMultiplier: 1
--- !u!1 &3187282166244442582
GameObject:
  m_ObjectHideFlags: 0
  m_CorrespondingSourceObject: {fileID: 0}
  m_PrefabInstance: {fileID: 0}
  m_PrefabAsset: {fileID: 0}
  serializedVersion: 6
  m_Component:
  - component: {fileID: 3187282166244442581}
  - component: {fileID: 3187282166244442579}
  - component: {fileID: 3187282166244442580}
  - component: {fileID: 6527359199947903140}
  m_Layer: 5
  m_Name: Inventory Menu
  m_TagString: Untagged
  m_Icon: {fileID: 0}
  m_NavMeshLayer: 0
  m_StaticEditorFlags: 0
  m_IsActive: 1
--- !u!224 &3187282166244442581
RectTransform:
  m_ObjectHideFlags: 0
  m_CorrespondingSourceObject: {fileID: 0}
  m_PrefabInstance: {fileID: 0}
  m_PrefabAsset: {fileID: 0}
  m_GameObject: {fileID: 3187282166244442582}
  m_LocalRotation: {x: 0, y: 0, z: 0, w: 1}
  m_LocalPosition: {x: 0, y: 0, z: 0}
  m_LocalScale: {x: 1, y: 1, z: 1}
  m_Children:
  - {fileID: 2751810111086708831}
  - {fileID: 99758948350869470}
  - {fileID: 5795010983355281609}
  - {fileID: 5056769946205926732}
  - {fileID: 3713842255136506442}
  - {fileID: 4349929004140233965}
  - {fileID: 2006345589868267950}
  m_Father: {fileID: 0}
  m_RootOrder: 0
  m_LocalEulerAnglesHint: {x: 0, y: 0, z: 0}
  m_AnchorMin: {x: 0.25, y: 0.15}
  m_AnchorMax: {x: 0.75, y: 0.8}
  m_AnchoredPosition: {x: 0, y: 0}
  m_SizeDelta: {x: 0, y: 0}
  m_Pivot: {x: 0.5, y: 0.5}
--- !u!222 &3187282166244442579
CanvasRenderer:
  m_ObjectHideFlags: 0
  m_CorrespondingSourceObject: {fileID: 0}
  m_PrefabInstance: {fileID: 0}
  m_PrefabAsset: {fileID: 0}
  m_GameObject: {fileID: 3187282166244442582}
  m_CullTransparentMesh: 0
--- !u!114 &3187282166244442580
MonoBehaviour:
  m_ObjectHideFlags: 0
  m_CorrespondingSourceObject: {fileID: 0}
  m_PrefabInstance: {fileID: 0}
  m_PrefabAsset: {fileID: 0}
  m_GameObject: {fileID: 3187282166244442582}
  m_Enabled: 1
  m_EditorHideFlags: 0
  m_Script: {fileID: 11500000, guid: fe87c0e1cc204ed48ad3b37840f39efc, type: 3}
  m_Name: 
  m_EditorClassIdentifier: 
  m_Material: {fileID: 0}
  m_Color: {r: 0.24528301, g: 0.24528301, b: 0.24528301, a: 1}
  m_RaycastTarget: 1
  m_Maskable: 1
  m_OnCullStateChanged:
    m_PersistentCalls:
      m_Calls: []
  m_Sprite: {fileID: 10907, guid: 0000000000000000f000000000000000, type: 0}
  m_Type: 1
  m_PreserveAspect: 0
  m_FillCenter: 1
  m_FillMethod: 4
  m_FillAmount: 1
  m_FillClockwise: 1
  m_FillOrigin: 0
  m_UseSpriteMesh: 0
  m_PixelsPerUnitMultiplier: 1
--- !u!114 &6527359199947903140
MonoBehaviour:
  m_ObjectHideFlags: 0
  m_CorrespondingSourceObject: {fileID: 0}
  m_PrefabInstance: {fileID: 0}
  m_PrefabAsset: {fileID: 0}
  m_GameObject: {fileID: 3187282166244442582}
  m_Enabled: 1
  m_EditorHideFlags: 0
  m_Script: {fileID: 11500000, guid: d17c2737a3c22c64aaff056f201cb94f, type: 3}
  m_Name: 
  m_EditorClassIdentifier: 
  _currentGrid: {fileID: 797359187011419316}
  _timeRate: 0.2
--- !u!1 &5857772630617966939
GameObject:
  m_ObjectHideFlags: 0
  m_CorrespondingSourceObject: {fileID: 0}
  m_PrefabInstance: {fileID: 0}
  m_PrefabAsset: {fileID: 0}
  serializedVersion: 6
  m_Component:
  - component: {fileID: 8203430576986909598}
  - component: {fileID: 7981750785819007774}
  - component: {fileID: 4647926669663432251}
  m_Layer: 0
  m_Name: Drop Text
  m_TagString: Untagged
  m_Icon: {fileID: 0}
  m_NavMeshLayer: 0
  m_StaticEditorFlags: 0
  m_IsActive: 1
--- !u!224 &8203430576986909598
RectTransform:
  m_ObjectHideFlags: 0
  m_CorrespondingSourceObject: {fileID: 0}
  m_PrefabInstance: {fileID: 0}
  m_PrefabAsset: {fileID: 0}
  m_GameObject: {fileID: 5857772630617966939}
  m_LocalRotation: {x: -0, y: -0, z: -0, w: 1}
  m_LocalPosition: {x: 0, y: 0, z: 0}
  m_LocalScale: {x: 1, y: 1, z: 1}
  m_Children: []
  m_Father: {fileID: 2006345589868267950}
  m_RootOrder: 5
  m_LocalEulerAnglesHint: {x: 0, y: 0, z: 0}
  m_AnchorMin: {x: 0.5, y: 0.5}
  m_AnchorMax: {x: 0.5, y: 0.5}
  m_AnchoredPosition: {x: 30, y: 0}
  m_SizeDelta: {x: 160, y: 50}
  m_Pivot: {x: 0, y: 0.5}
--- !u!222 &7981750785819007774
CanvasRenderer:
  m_ObjectHideFlags: 0
  m_CorrespondingSourceObject: {fileID: 0}
  m_PrefabInstance: {fileID: 0}
  m_PrefabAsset: {fileID: 0}
  m_GameObject: {fileID: 5857772630617966939}
  m_CullTransparentMesh: 0
--- !u!114 &4647926669663432251
MonoBehaviour:
  m_ObjectHideFlags: 0
  m_CorrespondingSourceObject: {fileID: 0}
  m_PrefabInstance: {fileID: 0}
  m_PrefabAsset: {fileID: 0}
  m_GameObject: {fileID: 5857772630617966939}
  m_Enabled: 1
  m_EditorHideFlags: 0
  m_Script: {fileID: 11500000, guid: f4688fdb7df04437aeb418b961361dc5, type: 3}
  m_Name: 
  m_EditorClassIdentifier: 
  m_Material: {fileID: 0}
  m_Color: {r: 1, g: 1, b: 1, a: 1}
  m_RaycastTarget: 1
  m_Maskable: 1
  m_OnCullStateChanged:
    m_PersistentCalls:
      m_Calls: []
  m_text: Drop
  m_isRightToLeft: 0
  m_fontAsset: {fileID: 11400000, guid: 8f586378b4e144a9851e7b34d9b748ee, type: 2}
  m_sharedMaterial: {fileID: 2180264, guid: 8f586378b4e144a9851e7b34d9b748ee, type: 2}
  m_fontSharedMaterials: []
  m_fontMaterial: {fileID: 0}
  m_fontMaterials: []
  m_fontColor32:
    serializedVersion: 2
    rgba: 4294967295
  m_fontColor: {r: 1, g: 1, b: 1, a: 1}
  m_enableVertexGradient: 0
  m_colorMode: 3
  m_fontColorGradient:
    topLeft: {r: 1, g: 1, b: 1, a: 1}
    topRight: {r: 1, g: 1, b: 1, a: 1}
    bottomLeft: {r: 1, g: 1, b: 1, a: 1}
    bottomRight: {r: 1, g: 1, b: 1, a: 1}
  m_fontColorGradientPreset: {fileID: 0}
  m_spriteAsset: {fileID: 0}
  m_tintAllSprites: 0
  m_StyleSheet: {fileID: 0}
  m_TextStyleHashCode: -1183493901
  m_overrideHtmlColors: 0
  m_faceColor:
    serializedVersion: 2
    rgba: 4294967295
  m_fontSize: 36
  m_fontSizeBase: 36
  m_fontWeight: 400
  m_enableAutoSizing: 0
  m_fontSizeMin: 18
  m_fontSizeMax: 72
  m_fontStyle: 0
  m_HorizontalAlignment: 1
  m_VerticalAlignment: 512
  m_textAlignment: 65535
  m_characterSpacing: 0
  m_wordSpacing: 0
  m_lineSpacing: 0
  m_lineSpacingMax: 0
  m_paragraphSpacing: 0
  m_charWidthMaxAdj: 0
  m_enableWordWrapping: 1
  m_wordWrappingRatios: 0.4
  m_overflowMode: 0
  m_linkedTextComponent: {fileID: 0}
  parentLinkedComponent: {fileID: 0}
  m_enableKerning: 1
  m_enableExtraPadding: 0
  checkPaddingRequired: 0
  m_isRichText: 1
  m_parseCtrlCharacters: 1
  m_isOrthographic: 1
  m_isCullingEnabled: 0
  m_horizontalMapping: 0
  m_verticalMapping: 0
  m_uvLineOffset: 0
  m_geometrySortingOrder: 0
  m_IsTextObjectScaleStatic: 0
  m_VertexBufferAutoSizeReduction: 1
  m_useMaxVisibleDescender: 1
  m_pageToDisplay: 1
  m_margin: {x: 0, y: 0, z: 0, w: 0}
  m_isUsingLegacyAnimationComponent: 0
  m_isVolumetricText: 0
  m_hasFontAssetChanged: 0
  m_baseMaterial: {fileID: 0}
  m_maskOffset: {x: 0, y: 0, z: 0, w: 0}
--- !u!1 &5983721770527894832
GameObject:
  m_ObjectHideFlags: 0
  m_CorrespondingSourceObject: {fileID: 0}
  m_PrefabInstance: {fileID: 0}
  m_PrefabAsset: {fileID: 0}
  serializedVersion: 6
  m_Component:
  - component: {fileID: 8799180298104250199}
  - component: {fileID: 8002203845939971452}
  - component: {fileID: 341133958475685984}
  m_Layer: 0
  m_Name: Swap Text
  m_TagString: Untagged
  m_Icon: {fileID: 0}
  m_NavMeshLayer: 0
  m_StaticEditorFlags: 0
  m_IsActive: 1
--- !u!224 &8799180298104250199
RectTransform:
  m_ObjectHideFlags: 0
  m_CorrespondingSourceObject: {fileID: 0}
  m_PrefabInstance: {fileID: 0}
  m_PrefabAsset: {fileID: 0}
  m_GameObject: {fileID: 5983721770527894832}
  m_LocalRotation: {x: -0, y: -0, z: -0, w: 1}
  m_LocalPosition: {x: 0, y: 0, z: 0}
  m_LocalScale: {x: 1, y: 1, z: 1}
  m_Children: []
  m_Father: {fileID: 2006345589868267950}
  m_RootOrder: 3
  m_LocalEulerAnglesHint: {x: 0, y: 0, z: 0}
  m_AnchorMin: {x: 0.5, y: 0.5}
  m_AnchorMax: {x: 0.5, y: 0.5}
  m_AnchoredPosition: {x: -154, y: 0}
  m_SizeDelta: {x: 120, y: 50}
  m_Pivot: {x: 0, y: 0.5}
--- !u!222 &8002203845939971452
CanvasRenderer:
  m_ObjectHideFlags: 0
  m_CorrespondingSourceObject: {fileID: 0}
  m_PrefabInstance: {fileID: 0}
  m_PrefabAsset: {fileID: 0}
  m_GameObject: {fileID: 5983721770527894832}
  m_CullTransparentMesh: 0
--- !u!114 &341133958475685984
MonoBehaviour:
  m_ObjectHideFlags: 0
  m_CorrespondingSourceObject: {fileID: 0}
  m_PrefabInstance: {fileID: 0}
  m_PrefabAsset: {fileID: 0}
  m_GameObject: {fileID: 5983721770527894832}
  m_Enabled: 1
  m_EditorHideFlags: 0
  m_Script: {fileID: 11500000, guid: f4688fdb7df04437aeb418b961361dc5, type: 3}
  m_Name: 
  m_EditorClassIdentifier: 
  m_Material: {fileID: 0}
  m_Color: {r: 1, g: 1, b: 1, a: 1}
  m_RaycastTarget: 1
  m_Maskable: 1
  m_OnCullStateChanged:
    m_PersistentCalls:
      m_Calls: []
  m_text: Swap
  m_isRightToLeft: 0
  m_fontAsset: {fileID: 11400000, guid: 8f586378b4e144a9851e7b34d9b748ee, type: 2}
  m_sharedMaterial: {fileID: 2180264, guid: 8f586378b4e144a9851e7b34d9b748ee, type: 2}
  m_fontSharedMaterials: []
  m_fontMaterial: {fileID: 0}
  m_fontMaterials: []
  m_fontColor32:
    serializedVersion: 2
    rgba: 4294967295
  m_fontColor: {r: 1, g: 1, b: 1, a: 1}
  m_enableVertexGradient: 0
  m_colorMode: 3
  m_fontColorGradient:
    topLeft: {r: 1, g: 1, b: 1, a: 1}
    topRight: {r: 1, g: 1, b: 1, a: 1}
    bottomLeft: {r: 1, g: 1, b: 1, a: 1}
    bottomRight: {r: 1, g: 1, b: 1, a: 1}
  m_fontColorGradientPreset: {fileID: 0}
  m_spriteAsset: {fileID: 0}
  m_tintAllSprites: 0
  m_StyleSheet: {fileID: 0}
  m_TextStyleHashCode: -1183493901
  m_overrideHtmlColors: 0
  m_faceColor:
    serializedVersion: 2
    rgba: 4294967295
  m_fontSize: 36
  m_fontSizeBase: 36
  m_fontWeight: 400
  m_enableAutoSizing: 0
  m_fontSizeMin: 18
  m_fontSizeMax: 72
  m_fontStyle: 0
  m_HorizontalAlignment: 1
  m_VerticalAlignment: 512
  m_textAlignment: 65535
  m_characterSpacing: 0
  m_wordSpacing: 0
  m_lineSpacing: 0
  m_lineSpacingMax: 0
  m_paragraphSpacing: 0
  m_charWidthMaxAdj: 0
  m_enableWordWrapping: 1
  m_wordWrappingRatios: 0.4
  m_overflowMode: 0
  m_linkedTextComponent: {fileID: 0}
  parentLinkedComponent: {fileID: 0}
  m_enableKerning: 1
  m_enableExtraPadding: 0
  checkPaddingRequired: 0
  m_isRichText: 1
  m_parseCtrlCharacters: 1
  m_isOrthographic: 1
  m_isCullingEnabled: 0
  m_horizontalMapping: 0
  m_verticalMapping: 0
  m_uvLineOffset: 0
  m_geometrySortingOrder: 0
  m_IsTextObjectScaleStatic: 0
  m_VertexBufferAutoSizeReduction: 1
  m_useMaxVisibleDescender: 1
  m_pageToDisplay: 1
  m_margin: {x: 0, y: 0, z: 0, w: 0}
  m_isUsingLegacyAnimationComponent: 0
  m_isVolumetricText: 0
  m_hasFontAssetChanged: 0
  m_baseMaterial: {fileID: 0}
  m_maskOffset: {x: 0, y: 0, z: 0, w: 0}
--- !u!1 &7342062108052260643
GameObject:
  m_ObjectHideFlags: 0
  m_CorrespondingSourceObject: {fileID: 0}
  m_PrefabInstance: {fileID: 0}
  m_PrefabAsset: {fileID: 0}
  serializedVersion: 6
  m_Component:
  - component: {fileID: 7165966057289931740}
  - component: {fileID: 4688622613176952050}
  - component: {fileID: 1640193428789887236}
  m_Layer: 0
  m_Name: Use Text
  m_TagString: Untagged
  m_Icon: {fileID: 0}
  m_NavMeshLayer: 0
  m_StaticEditorFlags: 0
  m_IsActive: 1
--- !u!224 &7165966057289931740
RectTransform:
  m_ObjectHideFlags: 0
  m_CorrespondingSourceObject: {fileID: 0}
  m_PrefabInstance: {fileID: 0}
  m_PrefabAsset: {fileID: 0}
  m_GameObject: {fileID: 7342062108052260643}
  m_LocalRotation: {x: -0, y: -0, z: -0, w: 1}
  m_LocalPosition: {x: 0, y: 0, z: 0}
  m_LocalScale: {x: 1, y: 1, z: 1}
  m_Children: []
  m_Father: {fileID: 2006345589868267950}
  m_RootOrder: 1
  m_LocalEulerAnglesHint: {x: 0, y: 0, z: 0}
  m_AnchorMin: {x: 0.5, y: 0.5}
  m_AnchorMax: {x: 0.5, y: 0.5}
  m_AnchoredPosition: {x: -330, y: 0}
  m_SizeDelta: {x: 80, y: 50}
  m_Pivot: {x: 0, y: 0.5}
--- !u!222 &4688622613176952050
CanvasRenderer:
  m_ObjectHideFlags: 0
  m_CorrespondingSourceObject: {fileID: 0}
  m_PrefabInstance: {fileID: 0}
  m_PrefabAsset: {fileID: 0}
  m_GameObject: {fileID: 7342062108052260643}
  m_CullTransparentMesh: 0
--- !u!114 &1640193428789887236
MonoBehaviour:
  m_ObjectHideFlags: 0
  m_CorrespondingSourceObject: {fileID: 0}
  m_PrefabInstance: {fileID: 0}
  m_PrefabAsset: {fileID: 0}
  m_GameObject: {fileID: 7342062108052260643}
  m_Enabled: 1
  m_EditorHideFlags: 0
  m_Script: {fileID: 11500000, guid: f4688fdb7df04437aeb418b961361dc5, type: 3}
  m_Name: 
  m_EditorClassIdentifier: 
  m_Material: {fileID: 0}
  m_Color: {r: 1, g: 1, b: 1, a: 1}
  m_RaycastTarget: 1
  m_Maskable: 1
  m_OnCullStateChanged:
    m_PersistentCalls:
      m_Calls: []
  m_text: Use
  m_isRightToLeft: 0
  m_fontAsset: {fileID: 11400000, guid: 8f586378b4e144a9851e7b34d9b748ee, type: 2}
  m_sharedMaterial: {fileID: 2180264, guid: 8f586378b4e144a9851e7b34d9b748ee, type: 2}
  m_fontSharedMaterials: []
  m_fontMaterial: {fileID: 0}
  m_fontMaterials: []
  m_fontColor32:
    serializedVersion: 2
    rgba: 4294967295
  m_fontColor: {r: 1, g: 1, b: 1, a: 1}
  m_enableVertexGradient: 0
  m_colorMode: 3
  m_fontColorGradient:
    topLeft: {r: 1, g: 1, b: 1, a: 1}
    topRight: {r: 1, g: 1, b: 1, a: 1}
    bottomLeft: {r: 1, g: 1, b: 1, a: 1}
    bottomRight: {r: 1, g: 1, b: 1, a: 1}
  m_fontColorGradientPreset: {fileID: 0}
  m_spriteAsset: {fileID: 0}
  m_tintAllSprites: 0
  m_StyleSheet: {fileID: 0}
  m_TextStyleHashCode: -1183493901
  m_overrideHtmlColors: 0
  m_faceColor:
    serializedVersion: 2
    rgba: 4294967295
  m_fontSize: 36
  m_fontSizeBase: 36
  m_fontWeight: 400
  m_enableAutoSizing: 0
  m_fontSizeMin: 18
  m_fontSizeMax: 72
  m_fontStyle: 0
  m_HorizontalAlignment: 1
  m_VerticalAlignment: 512
  m_textAlignment: 65535
  m_characterSpacing: 0
  m_wordSpacing: 0
  m_lineSpacing: 0
  m_lineSpacingMax: 0
  m_paragraphSpacing: 0
  m_charWidthMaxAdj: 0
  m_enableWordWrapping: 1
  m_wordWrappingRatios: 0.4
  m_overflowMode: 0
  m_linkedTextComponent: {fileID: 0}
  parentLinkedComponent: {fileID: 0}
  m_enableKerning: 1
  m_enableExtraPadding: 0
  checkPaddingRequired: 0
  m_isRichText: 1
  m_parseCtrlCharacters: 1
  m_isOrthographic: 1
  m_isCullingEnabled: 0
  m_horizontalMapping: 0
  m_verticalMapping: 0
  m_uvLineOffset: 0
  m_geometrySortingOrder: 0
  m_IsTextObjectScaleStatic: 0
  m_VertexBufferAutoSizeReduction: 1
  m_useMaxVisibleDescender: 1
  m_pageToDisplay: 1
  m_margin: {x: 0, y: 0, z: 0, w: 0}
  m_isUsingLegacyAnimationComponent: 0
  m_isVolumetricText: 0
  m_hasFontAssetChanged: 0
  m_baseMaterial: {fileID: 0}
  m_maskOffset: {x: 0, y: 0, z: 0, w: 0}
--- !u!1 &8702306381895103791
GameObject:
  m_ObjectHideFlags: 0
  m_CorrespondingSourceObject: {fileID: 0}
  m_PrefabInstance: {fileID: 0}
  m_PrefabAsset: {fileID: 0}
  serializedVersion: 6
  m_Component:
  - component: {fileID: 6305616560449290265}
  - component: {fileID: 4111938004844397140}
  - component: {fileID: 1337271084126035191}
  m_Layer: 5
  m_Name: Swap Button
  m_TagString: Untagged
  m_Icon: {fileID: 0}
  m_NavMeshLayer: 0
  m_StaticEditorFlags: 0
  m_IsActive: 1
--- !u!224 &6305616560449290265
RectTransform:
  m_ObjectHideFlags: 0
  m_CorrespondingSourceObject: {fileID: 0}
  m_PrefabInstance: {fileID: 0}
  m_PrefabAsset: {fileID: 0}
  m_GameObject: {fileID: 8702306381895103791}
  m_LocalRotation: {x: -0, y: -0, z: -0, w: 1}
  m_LocalPosition: {x: 0, y: 0, z: 0}
  m_LocalScale: {x: 1, y: 1, z: 1}
  m_Children: []
  m_Father: {fileID: 2006345589868267950}
  m_RootOrder: 2
  m_LocalEulerAnglesHint: {x: 0, y: 0, z: 0}
  m_AnchorMin: {x: 0.5, y: 0.5}
  m_AnchorMax: {x: 0.5, y: 0.5}
  m_AnchoredPosition: {x: -184, y: 0}
  m_SizeDelta: {x: 50, y: 50}
  m_Pivot: {x: 0.5, y: 0.5}
--- !u!222 &4111938004844397140
CanvasRenderer:
  m_ObjectHideFlags: 0
  m_CorrespondingSourceObject: {fileID: 0}
  m_PrefabInstance: {fileID: 0}
  m_PrefabAsset: {fileID: 0}
  m_GameObject: {fileID: 8702306381895103791}
  m_CullTransparentMesh: 0
--- !u!114 &1337271084126035191
MonoBehaviour:
  m_ObjectHideFlags: 0
  m_CorrespondingSourceObject: {fileID: 0}
  m_PrefabInstance: {fileID: 0}
  m_PrefabAsset: {fileID: 0}
  m_GameObject: {fileID: 8702306381895103791}
  m_Enabled: 1
  m_EditorHideFlags: 0
  m_Script: {fileID: 11500000, guid: fe87c0e1cc204ed48ad3b37840f39efc, type: 3}
  m_Name: 
  m_EditorClassIdentifier: 
  m_Material: {fileID: 0}
  m_Color: {r: 1, g: 1, b: 1, a: 1}
  m_RaycastTarget: 1
  m_Maskable: 1
  m_OnCullStateChanged:
    m_PersistentCalls:
      m_Calls: []
  m_Sprite: {fileID: 21300000, guid: 4214223b39c0b5b46a88095fa26ccdc2, type: 3}
  m_Type: 0
  m_PreserveAspect: 0
  m_FillCenter: 1
  m_FillMethod: 4
  m_FillAmount: 1
  m_FillClockwise: 1
  m_FillOrigin: 0
  m_UseSpriteMesh: 0
  m_PixelsPerUnitMultiplier: 1
--- !u!1001 &406256951519242855
PrefabInstance:
  m_ObjectHideFlags: 0
  serializedVersion: 2
  m_Modification:
    m_TransformParent: {fileID: 3187282166244442581}
    m_Modifications:
    - target: {fileID: 1948310496490446022, guid: bd3ab17aed2eab44c9d1a21837463f7d,
        type: 3}
      propertyPath: inventoryIndex
      value: 4
      objectReference: {fileID: 0}
    - target: {fileID: 3902764150554175533, guid: bd3ab17aed2eab44c9d1a21837463f7d,
        type: 3}
      propertyPath: m_Pivot.x
      value: 0.5
      objectReference: {fileID: 0}
    - target: {fileID: 3902764150554175533, guid: bd3ab17aed2eab44c9d1a21837463f7d,
        type: 3}
      propertyPath: m_Pivot.y
      value: 0.5
      objectReference: {fileID: 0}
    - target: {fileID: 3902764150554175533, guid: bd3ab17aed2eab44c9d1a21837463f7d,
        type: 3}
      propertyPath: m_RootOrder
      value: 4
      objectReference: {fileID: 0}
    - target: {fileID: 3902764150554175533, guid: bd3ab17aed2eab44c9d1a21837463f7d,
        type: 3}
      propertyPath: m_AnchorMax.x
      value: 0.5
      objectReference: {fileID: 0}
    - target: {fileID: 3902764150554175533, guid: bd3ab17aed2eab44c9d1a21837463f7d,
        type: 3}
      propertyPath: m_AnchorMax.y
      value: 0.5
      objectReference: {fileID: 0}
    - target: {fileID: 3902764150554175533, guid: bd3ab17aed2eab44c9d1a21837463f7d,
        type: 3}
      propertyPath: m_AnchorMin.x
      value: 0.5
      objectReference: {fileID: 0}
    - target: {fileID: 3902764150554175533, guid: bd3ab17aed2eab44c9d1a21837463f7d,
        type: 3}
      propertyPath: m_AnchorMin.y
      value: 0.5
      objectReference: {fileID: 0}
    - target: {fileID: 3902764150554175533, guid: bd3ab17aed2eab44c9d1a21837463f7d,
        type: 3}
      propertyPath: m_SizeDelta.x
      value: 250
      objectReference: {fileID: 0}
    - target: {fileID: 3902764150554175533, guid: bd3ab17aed2eab44c9d1a21837463f7d,
        type: 3}
      propertyPath: m_SizeDelta.y
      value: 250
      objectReference: {fileID: 0}
    - target: {fileID: 3902764150554175533, guid: bd3ab17aed2eab44c9d1a21837463f7d,
        type: 3}
      propertyPath: m_LocalPosition.x
      value: 0
      objectReference: {fileID: 0}
    - target: {fileID: 3902764150554175533, guid: bd3ab17aed2eab44c9d1a21837463f7d,
        type: 3}
      propertyPath: m_LocalPosition.y
      value: 0
      objectReference: {fileID: 0}
    - target: {fileID: 3902764150554175533, guid: bd3ab17aed2eab44c9d1a21837463f7d,
        type: 3}
      propertyPath: m_LocalPosition.z
      value: 0
      objectReference: {fileID: 0}
    - target: {fileID: 3902764150554175533, guid: bd3ab17aed2eab44c9d1a21837463f7d,
        type: 3}
      propertyPath: m_LocalRotation.w
      value: 1
      objectReference: {fileID: 0}
    - target: {fileID: 3902764150554175533, guid: bd3ab17aed2eab44c9d1a21837463f7d,
        type: 3}
      propertyPath: m_LocalRotation.x
      value: 0
      objectReference: {fileID: 0}
    - target: {fileID: 3902764150554175533, guid: bd3ab17aed2eab44c9d1a21837463f7d,
        type: 3}
      propertyPath: m_LocalRotation.y
      value: 0
      objectReference: {fileID: 0}
    - target: {fileID: 3902764150554175533, guid: bd3ab17aed2eab44c9d1a21837463f7d,
        type: 3}
      propertyPath: m_LocalRotation.z
      value: 0
      objectReference: {fileID: 0}
    - target: {fileID: 3902764150554175533, guid: bd3ab17aed2eab44c9d1a21837463f7d,
        type: 3}
      propertyPath: m_AnchoredPosition.x
      value: 300
      objectReference: {fileID: 0}
    - target: {fileID: 3902764150554175533, guid: bd3ab17aed2eab44c9d1a21837463f7d,
        type: 3}
      propertyPath: m_AnchoredPosition.y
      value: 175
      objectReference: {fileID: 0}
    - target: {fileID: 3902764150554175533, guid: bd3ab17aed2eab44c9d1a21837463f7d,
        type: 3}
      propertyPath: m_LocalEulerAnglesHint.x
      value: 0
      objectReference: {fileID: 0}
    - target: {fileID: 3902764150554175533, guid: bd3ab17aed2eab44c9d1a21837463f7d,
        type: 3}
      propertyPath: m_LocalEulerAnglesHint.y
      value: 0
      objectReference: {fileID: 0}
    - target: {fileID: 3902764150554175533, guid: bd3ab17aed2eab44c9d1a21837463f7d,
        type: 3}
      propertyPath: m_LocalEulerAnglesHint.z
      value: 0
      objectReference: {fileID: 0}
    - target: {fileID: 8035003958412421710, guid: bd3ab17aed2eab44c9d1a21837463f7d,
        type: 3}
      propertyPath: m_Name
      value: Slot5
      objectReference: {fileID: 0}
    m_RemovedComponents: []
  m_SourcePrefab: {fileID: 100100000, guid: bd3ab17aed2eab44c9d1a21837463f7d, type: 3}
--- !u!224 &3713842255136506442 stripped
RectTransform:
  m_CorrespondingSourceObject: {fileID: 3902764150554175533, guid: bd3ab17aed2eab44c9d1a21837463f7d,
    type: 3}
  m_PrefabInstance: {fileID: 406256951519242855}
  m_PrefabAsset: {fileID: 0}
--- !u!1001 &754188220523850944
PrefabInstance:
  m_ObjectHideFlags: 0
  serializedVersion: 2
  m_Modification:
    m_TransformParent: {fileID: 3187282166244442581}
    m_Modifications:
    - target: {fileID: 1948310496490446022, guid: bd3ab17aed2eab44c9d1a21837463f7d,
        type: 3}
      propertyPath: inventoryIndex
      value: 5
      objectReference: {fileID: 0}
    - target: {fileID: 3902764150554175533, guid: bd3ab17aed2eab44c9d1a21837463f7d,
        type: 3}
      propertyPath: m_Pivot.x
      value: 0.5
      objectReference: {fileID: 0}
    - target: {fileID: 3902764150554175533, guid: bd3ab17aed2eab44c9d1a21837463f7d,
        type: 3}
      propertyPath: m_Pivot.y
      value: 0.5
      objectReference: {fileID: 0}
    - target: {fileID: 3902764150554175533, guid: bd3ab17aed2eab44c9d1a21837463f7d,
        type: 3}
      propertyPath: m_RootOrder
      value: 5
      objectReference: {fileID: 0}
    - target: {fileID: 3902764150554175533, guid: bd3ab17aed2eab44c9d1a21837463f7d,
        type: 3}
      propertyPath: m_AnchorMax.x
      value: 0.5
      objectReference: {fileID: 0}
    - target: {fileID: 3902764150554175533, guid: bd3ab17aed2eab44c9d1a21837463f7d,
        type: 3}
      propertyPath: m_AnchorMax.y
      value: 0.5
      objectReference: {fileID: 0}
    - target: {fileID: 3902764150554175533, guid: bd3ab17aed2eab44c9d1a21837463f7d,
        type: 3}
      propertyPath: m_AnchorMin.x
      value: 0.5
      objectReference: {fileID: 0}
    - target: {fileID: 3902764150554175533, guid: bd3ab17aed2eab44c9d1a21837463f7d,
        type: 3}
      propertyPath: m_AnchorMin.y
      value: 0.5
      objectReference: {fileID: 0}
    - target: {fileID: 3902764150554175533, guid: bd3ab17aed2eab44c9d1a21837463f7d,
        type: 3}
      propertyPath: m_SizeDelta.x
      value: 250
      objectReference: {fileID: 0}
    - target: {fileID: 3902764150554175533, guid: bd3ab17aed2eab44c9d1a21837463f7d,
        type: 3}
      propertyPath: m_SizeDelta.y
      value: 250
      objectReference: {fileID: 0}
    - target: {fileID: 3902764150554175533, guid: bd3ab17aed2eab44c9d1a21837463f7d,
        type: 3}
      propertyPath: m_LocalPosition.x
      value: 0
      objectReference: {fileID: 0}
    - target: {fileID: 3902764150554175533, guid: bd3ab17aed2eab44c9d1a21837463f7d,
        type: 3}
      propertyPath: m_LocalPosition.y
      value: 0
      objectReference: {fileID: 0}
    - target: {fileID: 3902764150554175533, guid: bd3ab17aed2eab44c9d1a21837463f7d,
        type: 3}
      propertyPath: m_LocalPosition.z
      value: 0
      objectReference: {fileID: 0}
    - target: {fileID: 3902764150554175533, guid: bd3ab17aed2eab44c9d1a21837463f7d,
        type: 3}
      propertyPath: m_LocalRotation.w
      value: 1
      objectReference: {fileID: 0}
    - target: {fileID: 3902764150554175533, guid: bd3ab17aed2eab44c9d1a21837463f7d,
        type: 3}
      propertyPath: m_LocalRotation.x
      value: 0
      objectReference: {fileID: 0}
    - target: {fileID: 3902764150554175533, guid: bd3ab17aed2eab44c9d1a21837463f7d,
        type: 3}
      propertyPath: m_LocalRotation.y
      value: 0
      objectReference: {fileID: 0}
    - target: {fileID: 3902764150554175533, guid: bd3ab17aed2eab44c9d1a21837463f7d,
        type: 3}
      propertyPath: m_LocalRotation.z
      value: 0
      objectReference: {fileID: 0}
    - target: {fileID: 3902764150554175533, guid: bd3ab17aed2eab44c9d1a21837463f7d,
        type: 3}
      propertyPath: m_AnchoredPosition.x
      value: 300
      objectReference: {fileID: 0}
    - target: {fileID: 3902764150554175533, guid: bd3ab17aed2eab44c9d1a21837463f7d,
        type: 3}
      propertyPath: m_AnchoredPosition.y
      value: -115
      objectReference: {fileID: 0}
    - target: {fileID: 3902764150554175533, guid: bd3ab17aed2eab44c9d1a21837463f7d,
        type: 3}
      propertyPath: m_LocalEulerAnglesHint.x
      value: 0
      objectReference: {fileID: 0}
    - target: {fileID: 3902764150554175533, guid: bd3ab17aed2eab44c9d1a21837463f7d,
        type: 3}
      propertyPath: m_LocalEulerAnglesHint.y
      value: 0
      objectReference: {fileID: 0}
    - target: {fileID: 3902764150554175533, guid: bd3ab17aed2eab44c9d1a21837463f7d,
        type: 3}
      propertyPath: m_LocalEulerAnglesHint.z
      value: 0
      objectReference: {fileID: 0}
    - target: {fileID: 8035003958412421710, guid: bd3ab17aed2eab44c9d1a21837463f7d,
        type: 3}
      propertyPath: m_Name
      value: Slot6
      objectReference: {fileID: 0}
    m_RemovedComponents: []
  m_SourcePrefab: {fileID: 100100000, guid: bd3ab17aed2eab44c9d1a21837463f7d, type: 3}
--- !u!224 &4349929004140233965 stripped
RectTransform:
  m_CorrespondingSourceObject: {fileID: 3902764150554175533, guid: bd3ab17aed2eab44c9d1a21837463f7d,
    type: 3}
  m_PrefabInstance: {fileID: 754188220523850944}
  m_PrefabAsset: {fileID: 0}
--- !u!1001 &1159962666799718514
PrefabInstance:
  m_ObjectHideFlags: 0
  serializedVersion: 2
  m_Modification:
    m_TransformParent: {fileID: 3187282166244442581}
    m_Modifications:
    - target: {fileID: 3902764150554175533, guid: bd3ab17aed2eab44c9d1a21837463f7d,
        type: 3}
      propertyPath: m_Pivot.x
      value: 0.5
      objectReference: {fileID: 0}
    - target: {fileID: 3902764150554175533, guid: bd3ab17aed2eab44c9d1a21837463f7d,
        type: 3}
      propertyPath: m_Pivot.y
      value: 0.5
      objectReference: {fileID: 0}
    - target: {fileID: 3902764150554175533, guid: bd3ab17aed2eab44c9d1a21837463f7d,
        type: 3}
      propertyPath: m_RootOrder
      value: 0
      objectReference: {fileID: 0}
    - target: {fileID: 3902764150554175533, guid: bd3ab17aed2eab44c9d1a21837463f7d,
        type: 3}
      propertyPath: m_AnchorMax.x
      value: 0.5
      objectReference: {fileID: 0}
    - target: {fileID: 3902764150554175533, guid: bd3ab17aed2eab44c9d1a21837463f7d,
        type: 3}
      propertyPath: m_AnchorMax.y
      value: 0.5
      objectReference: {fileID: 0}
    - target: {fileID: 3902764150554175533, guid: bd3ab17aed2eab44c9d1a21837463f7d,
        type: 3}
      propertyPath: m_AnchorMin.x
      value: 0.5
      objectReference: {fileID: 0}
    - target: {fileID: 3902764150554175533, guid: bd3ab17aed2eab44c9d1a21837463f7d,
        type: 3}
      propertyPath: m_AnchorMin.y
      value: 0.5
      objectReference: {fileID: 0}
    - target: {fileID: 3902764150554175533, guid: bd3ab17aed2eab44c9d1a21837463f7d,
        type: 3}
      propertyPath: m_SizeDelta.x
      value: 250
      objectReference: {fileID: 0}
    - target: {fileID: 3902764150554175533, guid: bd3ab17aed2eab44c9d1a21837463f7d,
        type: 3}
      propertyPath: m_SizeDelta.y
      value: 250
      objectReference: {fileID: 0}
    - target: {fileID: 3902764150554175533, guid: bd3ab17aed2eab44c9d1a21837463f7d,
        type: 3}
      propertyPath: m_LocalPosition.x
      value: 0
      objectReference: {fileID: 0}
    - target: {fileID: 3902764150554175533, guid: bd3ab17aed2eab44c9d1a21837463f7d,
        type: 3}
      propertyPath: m_LocalPosition.y
      value: 0
      objectReference: {fileID: 0}
    - target: {fileID: 3902764150554175533, guid: bd3ab17aed2eab44c9d1a21837463f7d,
        type: 3}
      propertyPath: m_LocalPosition.z
      value: 0
      objectReference: {fileID: 0}
    - target: {fileID: 3902764150554175533, guid: bd3ab17aed2eab44c9d1a21837463f7d,
        type: 3}
      propertyPath: m_LocalRotation.w
      value: 1
      objectReference: {fileID: 0}
    - target: {fileID: 3902764150554175533, guid: bd3ab17aed2eab44c9d1a21837463f7d,
        type: 3}
      propertyPath: m_LocalRotation.x
      value: 0
      objectReference: {fileID: 0}
    - target: {fileID: 3902764150554175533, guid: bd3ab17aed2eab44c9d1a21837463f7d,
        type: 3}
      propertyPath: m_LocalRotation.y
      value: 0
      objectReference: {fileID: 0}
    - target: {fileID: 3902764150554175533, guid: bd3ab17aed2eab44c9d1a21837463f7d,
        type: 3}
      propertyPath: m_LocalRotation.z
      value: 0
      objectReference: {fileID: 0}
    - target: {fileID: 3902764150554175533, guid: bd3ab17aed2eab44c9d1a21837463f7d,
        type: 3}
      propertyPath: m_AnchoredPosition.x
      value: -300
      objectReference: {fileID: 0}
    - target: {fileID: 3902764150554175533, guid: bd3ab17aed2eab44c9d1a21837463f7d,
        type: 3}
      propertyPath: m_AnchoredPosition.y
      value: 175
      objectReference: {fileID: 0}
    - target: {fileID: 3902764150554175533, guid: bd3ab17aed2eab44c9d1a21837463f7d,
        type: 3}
      propertyPath: m_LocalEulerAnglesHint.x
      value: 0
      objectReference: {fileID: 0}
    - target: {fileID: 3902764150554175533, guid: bd3ab17aed2eab44c9d1a21837463f7d,
        type: 3}
      propertyPath: m_LocalEulerAnglesHint.y
      value: 0
      objectReference: {fileID: 0}
    - target: {fileID: 3902764150554175533, guid: bd3ab17aed2eab44c9d1a21837463f7d,
        type: 3}
      propertyPath: m_LocalEulerAnglesHint.z
      value: 0
      objectReference: {fileID: 0}
    - target: {fileID: 8035003958412421710, guid: bd3ab17aed2eab44c9d1a21837463f7d,
        type: 3}
      propertyPath: m_Name
      value: Slot1
      objectReference: {fileID: 0}
    m_RemovedComponents: []
  m_SourcePrefab: {fileID: 100100000, guid: bd3ab17aed2eab44c9d1a21837463f7d, type: 3}
--- !u!114 &797359187011419316 stripped
MonoBehaviour:
  m_CorrespondingSourceObject: {fileID: 1948310496490446022, guid: bd3ab17aed2eab44c9d1a21837463f7d,
    type: 3}
  m_PrefabInstance: {fileID: 1159962666799718514}
  m_PrefabAsset: {fileID: 0}
  m_GameObject: {fileID: 0}
  m_Enabled: 1
  m_EditorHideFlags: 0
  m_Script: {fileID: 11500000, guid: 0c51758223266a942afbd4af4fc4cd8f, type: 3}
  m_Name: 
  m_EditorClassIdentifier: 
--- !u!224 &2751810111086708831 stripped
RectTransform:
  m_CorrespondingSourceObject: {fileID: 3902764150554175533, guid: bd3ab17aed2eab44c9d1a21837463f7d,
    type: 3}
  m_PrefabInstance: {fileID: 1159962666799718514}
  m_PrefabAsset: {fileID: 0}
--- !u!1001 &3984293057485314035
PrefabInstance:
  m_ObjectHideFlags: 0
  serializedVersion: 2
  m_Modification:
    m_TransformParent: {fileID: 3187282166244442581}
    m_Modifications:
    - target: {fileID: 1948310496490446022, guid: bd3ab17aed2eab44c9d1a21837463f7d,
        type: 3}
      propertyPath: inventoryIndex
      value: 1
      objectReference: {fileID: 0}
    - target: {fileID: 3902764150554175533, guid: bd3ab17aed2eab44c9d1a21837463f7d,
        type: 3}
      propertyPath: m_Pivot.x
      value: 0.5
      objectReference: {fileID: 0}
    - target: {fileID: 3902764150554175533, guid: bd3ab17aed2eab44c9d1a21837463f7d,
        type: 3}
      propertyPath: m_Pivot.y
      value: 0.5
      objectReference: {fileID: 0}
    - target: {fileID: 3902764150554175533, guid: bd3ab17aed2eab44c9d1a21837463f7d,
        type: 3}
      propertyPath: m_RootOrder
      value: 1
      objectReference: {fileID: 0}
    - target: {fileID: 3902764150554175533, guid: bd3ab17aed2eab44c9d1a21837463f7d,
        type: 3}
      propertyPath: m_AnchorMax.x
      value: 0.5
      objectReference: {fileID: 0}
    - target: {fileID: 3902764150554175533, guid: bd3ab17aed2eab44c9d1a21837463f7d,
        type: 3}
      propertyPath: m_AnchorMax.y
      value: 0.5
      objectReference: {fileID: 0}
    - target: {fileID: 3902764150554175533, guid: bd3ab17aed2eab44c9d1a21837463f7d,
        type: 3}
      propertyPath: m_AnchorMin.x
      value: 0.5
      objectReference: {fileID: 0}
    - target: {fileID: 3902764150554175533, guid: bd3ab17aed2eab44c9d1a21837463f7d,
        type: 3}
      propertyPath: m_AnchorMin.y
      value: 0.5
      objectReference: {fileID: 0}
    - target: {fileID: 3902764150554175533, guid: bd3ab17aed2eab44c9d1a21837463f7d,
        type: 3}
      propertyPath: m_SizeDelta.x
      value: 250
      objectReference: {fileID: 0}
    - target: {fileID: 3902764150554175533, guid: bd3ab17aed2eab44c9d1a21837463f7d,
        type: 3}
      propertyPath: m_SizeDelta.y
      value: 250
      objectReference: {fileID: 0}
    - target: {fileID: 3902764150554175533, guid: bd3ab17aed2eab44c9d1a21837463f7d,
        type: 3}
      propertyPath: m_LocalPosition.x
      value: 0
      objectReference: {fileID: 0}
    - target: {fileID: 3902764150554175533, guid: bd3ab17aed2eab44c9d1a21837463f7d,
        type: 3}
      propertyPath: m_LocalPosition.y
      value: 0
      objectReference: {fileID: 0}
    - target: {fileID: 3902764150554175533, guid: bd3ab17aed2eab44c9d1a21837463f7d,
        type: 3}
      propertyPath: m_LocalPosition.z
      value: 0
      objectReference: {fileID: 0}
    - target: {fileID: 3902764150554175533, guid: bd3ab17aed2eab44c9d1a21837463f7d,
        type: 3}
      propertyPath: m_LocalRotation.w
      value: 1
      objectReference: {fileID: 0}
    - target: {fileID: 3902764150554175533, guid: bd3ab17aed2eab44c9d1a21837463f7d,
        type: 3}
      propertyPath: m_LocalRotation.x
      value: 0
      objectReference: {fileID: 0}
    - target: {fileID: 3902764150554175533, guid: bd3ab17aed2eab44c9d1a21837463f7d,
        type: 3}
      propertyPath: m_LocalRotation.y
      value: 0
      objectReference: {fileID: 0}
    - target: {fileID: 3902764150554175533, guid: bd3ab17aed2eab44c9d1a21837463f7d,
        type: 3}
      propertyPath: m_LocalRotation.z
      value: 0
      objectReference: {fileID: 0}
    - target: {fileID: 3902764150554175533, guid: bd3ab17aed2eab44c9d1a21837463f7d,
        type: 3}
      propertyPath: m_AnchoredPosition.x
      value: -300
      objectReference: {fileID: 0}
    - target: {fileID: 3902764150554175533, guid: bd3ab17aed2eab44c9d1a21837463f7d,
        type: 3}
      propertyPath: m_AnchoredPosition.y
      value: -115
      objectReference: {fileID: 0}
    - target: {fileID: 3902764150554175533, guid: bd3ab17aed2eab44c9d1a21837463f7d,
        type: 3}
      propertyPath: m_LocalEulerAnglesHint.x
      value: 0
      objectReference: {fileID: 0}
    - target: {fileID: 3902764150554175533, guid: bd3ab17aed2eab44c9d1a21837463f7d,
        type: 3}
      propertyPath: m_LocalEulerAnglesHint.y
      value: 0
      objectReference: {fileID: 0}
    - target: {fileID: 3902764150554175533, guid: bd3ab17aed2eab44c9d1a21837463f7d,
        type: 3}
      propertyPath: m_LocalEulerAnglesHint.z
      value: 0
      objectReference: {fileID: 0}
    - target: {fileID: 8035003958412421710, guid: bd3ab17aed2eab44c9d1a21837463f7d,
        type: 3}
      propertyPath: m_Name
      value: Slot2
      objectReference: {fileID: 0}
    m_RemovedComponents: []
  m_SourcePrefab: {fileID: 100100000, guid: bd3ab17aed2eab44c9d1a21837463f7d, type: 3}
--- !u!224 &99758948350869470 stripped
RectTransform:
  m_CorrespondingSourceObject: {fileID: 3902764150554175533, guid: bd3ab17aed2eab44c9d1a21837463f7d,
    type: 3}
  m_PrefabInstance: {fileID: 3984293057485314035}
  m_PrefabAsset: {fileID: 0}
--- !u!1001 &7369406969520183524
PrefabInstance:
  m_ObjectHideFlags: 0
  serializedVersion: 2
  m_Modification:
    m_TransformParent: {fileID: 3187282166244442581}
    m_Modifications:
    - target: {fileID: 1948310496490446022, guid: bd3ab17aed2eab44c9d1a21837463f7d,
        type: 3}
      propertyPath: inventoryIndex
      value: 2
      objectReference: {fileID: 0}
    - target: {fileID: 3902764150554175533, guid: bd3ab17aed2eab44c9d1a21837463f7d,
        type: 3}
      propertyPath: m_Pivot.x
      value: 0.5
      objectReference: {fileID: 0}
    - target: {fileID: 3902764150554175533, guid: bd3ab17aed2eab44c9d1a21837463f7d,
        type: 3}
      propertyPath: m_Pivot.y
      value: 0.5
      objectReference: {fileID: 0}
    - target: {fileID: 3902764150554175533, guid: bd3ab17aed2eab44c9d1a21837463f7d,
        type: 3}
      propertyPath: m_RootOrder
      value: 2
      objectReference: {fileID: 0}
    - target: {fileID: 3902764150554175533, guid: bd3ab17aed2eab44c9d1a21837463f7d,
        type: 3}
      propertyPath: m_AnchorMax.x
      value: 0.5
      objectReference: {fileID: 0}
    - target: {fileID: 3902764150554175533, guid: bd3ab17aed2eab44c9d1a21837463f7d,
        type: 3}
      propertyPath: m_AnchorMax.y
      value: 0.5
      objectReference: {fileID: 0}
    - target: {fileID: 3902764150554175533, guid: bd3ab17aed2eab44c9d1a21837463f7d,
        type: 3}
      propertyPath: m_AnchorMin.x
      value: 0.5
      objectReference: {fileID: 0}
    - target: {fileID: 3902764150554175533, guid: bd3ab17aed2eab44c9d1a21837463f7d,
        type: 3}
      propertyPath: m_AnchorMin.y
      value: 0.5
      objectReference: {fileID: 0}
    - target: {fileID: 3902764150554175533, guid: bd3ab17aed2eab44c9d1a21837463f7d,
        type: 3}
      propertyPath: m_SizeDelta.x
      value: 250
      objectReference: {fileID: 0}
    - target: {fileID: 3902764150554175533, guid: bd3ab17aed2eab44c9d1a21837463f7d,
        type: 3}
      propertyPath: m_SizeDelta.y
      value: 250
      objectReference: {fileID: 0}
    - target: {fileID: 3902764150554175533, guid: bd3ab17aed2eab44c9d1a21837463f7d,
        type: 3}
      propertyPath: m_LocalPosition.x
      value: 0
      objectReference: {fileID: 0}
    - target: {fileID: 3902764150554175533, guid: bd3ab17aed2eab44c9d1a21837463f7d,
        type: 3}
      propertyPath: m_LocalPosition.y
      value: 0
      objectReference: {fileID: 0}
    - target: {fileID: 3902764150554175533, guid: bd3ab17aed2eab44c9d1a21837463f7d,
        type: 3}
      propertyPath: m_LocalPosition.z
      value: 0
      objectReference: {fileID: 0}
    - target: {fileID: 3902764150554175533, guid: bd3ab17aed2eab44c9d1a21837463f7d,
        type: 3}
      propertyPath: m_LocalRotation.w
      value: 1
      objectReference: {fileID: 0}
    - target: {fileID: 3902764150554175533, guid: bd3ab17aed2eab44c9d1a21837463f7d,
        type: 3}
      propertyPath: m_LocalRotation.x
      value: 0
      objectReference: {fileID: 0}
    - target: {fileID: 3902764150554175533, guid: bd3ab17aed2eab44c9d1a21837463f7d,
        type: 3}
      propertyPath: m_LocalRotation.y
      value: 0
      objectReference: {fileID: 0}
    - target: {fileID: 3902764150554175533, guid: bd3ab17aed2eab44c9d1a21837463f7d,
        type: 3}
      propertyPath: m_LocalRotation.z
      value: 0
      objectReference: {fileID: 0}
    - target: {fileID: 3902764150554175533, guid: bd3ab17aed2eab44c9d1a21837463f7d,
        type: 3}
      propertyPath: m_AnchoredPosition.x
      value: 0
      objectReference: {fileID: 0}
    - target: {fileID: 3902764150554175533, guid: bd3ab17aed2eab44c9d1a21837463f7d,
        type: 3}
      propertyPath: m_AnchoredPosition.y
      value: 175
      objectReference: {fileID: 0}
    - target: {fileID: 3902764150554175533, guid: bd3ab17aed2eab44c9d1a21837463f7d,
        type: 3}
      propertyPath: m_LocalEulerAnglesHint.x
      value: 0
      objectReference: {fileID: 0}
    - target: {fileID: 3902764150554175533, guid: bd3ab17aed2eab44c9d1a21837463f7d,
        type: 3}
      propertyPath: m_LocalEulerAnglesHint.y
      value: 0
      objectReference: {fileID: 0}
    - target: {fileID: 3902764150554175533, guid: bd3ab17aed2eab44c9d1a21837463f7d,
        type: 3}
      propertyPath: m_LocalEulerAnglesHint.z
      value: 0
      objectReference: {fileID: 0}
    - target: {fileID: 8035003958412421710, guid: bd3ab17aed2eab44c9d1a21837463f7d,
        type: 3}
      propertyPath: m_Name
      value: Slot3
      objectReference: {fileID: 0}
    m_RemovedComponents: []
  m_SourcePrefab: {fileID: 100100000, guid: bd3ab17aed2eab44c9d1a21837463f7d, type: 3}
--- !u!224 &5795010983355281609 stripped
RectTransform:
  m_CorrespondingSourceObject: {fileID: 3902764150554175533, guid: bd3ab17aed2eab44c9d1a21837463f7d,
    type: 3}
  m_PrefabInstance: {fileID: 7369406969520183524}
  m_PrefabAsset: {fileID: 0}
--- !u!1001 &8071618386763750753
PrefabInstance:
  m_ObjectHideFlags: 0
  serializedVersion: 2
  m_Modification:
    m_TransformParent: {fileID: 3187282166244442581}
    m_Modifications:
    - target: {fileID: 1948310496490446022, guid: bd3ab17aed2eab44c9d1a21837463f7d,
        type: 3}
      propertyPath: inventoryIndex
      value: 3
      objectReference: {fileID: 0}
    - target: {fileID: 3902764150554175533, guid: bd3ab17aed2eab44c9d1a21837463f7d,
        type: 3}
      propertyPath: m_Pivot.x
      value: 0.5
      objectReference: {fileID: 0}
    - target: {fileID: 3902764150554175533, guid: bd3ab17aed2eab44c9d1a21837463f7d,
        type: 3}
      propertyPath: m_Pivot.y
      value: 0.5
      objectReference: {fileID: 0}
    - target: {fileID: 3902764150554175533, guid: bd3ab17aed2eab44c9d1a21837463f7d,
        type: 3}
      propertyPath: m_RootOrder
      value: 3
      objectReference: {fileID: 0}
    - target: {fileID: 3902764150554175533, guid: bd3ab17aed2eab44c9d1a21837463f7d,
        type: 3}
      propertyPath: m_AnchorMax.x
      value: 0.5
      objectReference: {fileID: 0}
    - target: {fileID: 3902764150554175533, guid: bd3ab17aed2eab44c9d1a21837463f7d,
        type: 3}
      propertyPath: m_AnchorMax.y
      value: 0.5
      objectReference: {fileID: 0}
    - target: {fileID: 3902764150554175533, guid: bd3ab17aed2eab44c9d1a21837463f7d,
        type: 3}
      propertyPath: m_AnchorMin.x
      value: 0.5
      objectReference: {fileID: 0}
    - target: {fileID: 3902764150554175533, guid: bd3ab17aed2eab44c9d1a21837463f7d,
        type: 3}
      propertyPath: m_AnchorMin.y
      value: 0.5
      objectReference: {fileID: 0}
    - target: {fileID: 3902764150554175533, guid: bd3ab17aed2eab44c9d1a21837463f7d,
        type: 3}
      propertyPath: m_SizeDelta.x
      value: 250
      objectReference: {fileID: 0}
    - target: {fileID: 3902764150554175533, guid: bd3ab17aed2eab44c9d1a21837463f7d,
        type: 3}
      propertyPath: m_SizeDelta.y
      value: 250
      objectReference: {fileID: 0}
    - target: {fileID: 3902764150554175533, guid: bd3ab17aed2eab44c9d1a21837463f7d,
        type: 3}
      propertyPath: m_LocalPosition.x
      value: 0
      objectReference: {fileID: 0}
    - target: {fileID: 3902764150554175533, guid: bd3ab17aed2eab44c9d1a21837463f7d,
        type: 3}
      propertyPath: m_LocalPosition.y
      value: 0
      objectReference: {fileID: 0}
    - target: {fileID: 3902764150554175533, guid: bd3ab17aed2eab44c9d1a21837463f7d,
        type: 3}
      propertyPath: m_LocalPosition.z
      value: 0
      objectReference: {fileID: 0}
    - target: {fileID: 3902764150554175533, guid: bd3ab17aed2eab44c9d1a21837463f7d,
        type: 3}
      propertyPath: m_LocalRotation.w
      value: 1
      objectReference: {fileID: 0}
    - target: {fileID: 3902764150554175533, guid: bd3ab17aed2eab44c9d1a21837463f7d,
        type: 3}
      propertyPath: m_LocalRotation.x
      value: 0
      objectReference: {fileID: 0}
    - target: {fileID: 3902764150554175533, guid: bd3ab17aed2eab44c9d1a21837463f7d,
        type: 3}
      propertyPath: m_LocalRotation.y
      value: 0
      objectReference: {fileID: 0}
    - target: {fileID: 3902764150554175533, guid: bd3ab17aed2eab44c9d1a21837463f7d,
        type: 3}
      propertyPath: m_LocalRotation.z
      value: 0
      objectReference: {fileID: 0}
    - target: {fileID: 3902764150554175533, guid: bd3ab17aed2eab44c9d1a21837463f7d,
        type: 3}
      propertyPath: m_AnchoredPosition.x
      value: 0
      objectReference: {fileID: 0}
    - target: {fileID: 3902764150554175533, guid: bd3ab17aed2eab44c9d1a21837463f7d,
        type: 3}
      propertyPath: m_AnchoredPosition.y
      value: -115
      objectReference: {fileID: 0}
    - target: {fileID: 3902764150554175533, guid: bd3ab17aed2eab44c9d1a21837463f7d,
        type: 3}
      propertyPath: m_LocalEulerAnglesHint.x
      value: 0
      objectReference: {fileID: 0}
    - target: {fileID: 3902764150554175533, guid: bd3ab17aed2eab44c9d1a21837463f7d,
        type: 3}
      propertyPath: m_LocalEulerAnglesHint.y
      value: 0
      objectReference: {fileID: 0}
    - target: {fileID: 3902764150554175533, guid: bd3ab17aed2eab44c9d1a21837463f7d,
        type: 3}
      propertyPath: m_LocalEulerAnglesHint.z
      value: 0
      objectReference: {fileID: 0}
    - target: {fileID: 8035003958412421710, guid: bd3ab17aed2eab44c9d1a21837463f7d,
        type: 3}
      propertyPath: m_Name
      value: Slot4
      objectReference: {fileID: 0}
    m_RemovedComponents: []
  m_SourcePrefab: {fileID: 100100000, guid: bd3ab17aed2eab44c9d1a21837463f7d, type: 3}
--- !u!224 &5056769946205926732 stripped
RectTransform:
  m_CorrespondingSourceObject: {fileID: 3902764150554175533, guid: bd3ab17aed2eab44c9d1a21837463f7d,
    type: 3}
  m_PrefabInstance: {fileID: 8071618386763750753}
  m_PrefabAsset: {fileID: 0}
